<?xml version="1.0" encoding="UTF-8"?><record xmlns="http://www.loc.gov/MARC21/slim" xmlns:cinclude="http://apache.org/cocoon/include/1.0" xmlns:zs="http://www.loc.gov/zing/srw/">
  <leader>00849cz  a2200157n  4500</leader>
  <controlfield tag="001">no2006010041</controlfield>
  <controlfield tag="003">DLC</controlfield>
  <controlfield tag="005">20060208051955.0</controlfield>
  <controlfield tag="008">060130n| acannaabn          |a ana      </controlfield>
  <datafield tag="010" ind1=" " ind2=" ">
    <subfield code="a">no2006010041</subfield>
  </datafield>
  <datafield tag="035" ind1=" " ind2=" ">
    <subfield code="a">(OCoLC)oca06840508</subfield>
  </datafield>
  <datafield tag="040" ind1=" " ind2=" ">
    <subfield code="a">DLC-S</subfield>
    <subfield code="b">eng</subfield>
    <subfield code="c">DLC-S</subfield>
    <subfield code="d">DLC-S</subfield>
  </datafield>
  <datafield tag="110" ind1="2" ind2=" ">
    <subfield code="a">Federalʹnoe gosudarstvennoe uchrezhdenie "Rossiĭskiĭ t︠s︡entr zashchity lesa"</subfield>
  </datafield>
  <datafield tag="410" ind1="2" ind2=" ">
    <subfield code="a">Rossiĭskiĭ t︠s︡entr zashchity lesa</subfield>
  </datafield>
  <datafield tag="410" ind1="1" ind2=" ">
    <subfield code="a">Russia (Federation).</subfield>
    <subfield code="b">Ministerstvo prirodnykh resursov.</subfield>
    <subfield code="b">Federalʹnoe gosudarstvennoe uchrezhdenie "Rossiĭskiĭ t︠s︡entr zashchity lesa"</subfield>
  </datafield>
  <datafield tag="670" ind1=" " ind2=" ">
    <subfield code="a">Obzor sanitarnogo i lesopatologicheskogo sostoi︠a︡nii︠a︡ lesov Rossii za ... god, 2002:</subfield>
    <subfield code="b">t.p. (Ministerstvo prirodnykh resursov Rossiĭskoĭ Federat︠s︡ii, Federalʹnoe gosudarstvennoe uchrezhdenie "Rossiĭskiĭ t︠s︡entr zashchity lesa")</subfield>
  </datafield>
</record>